
@report{office_of_water_usepa_report_1999,
	title = {Report to Congress on the Phase {II} Storm Water Regulations},
	number = {833-R-99-001},
	institution = {{US} Environmental Protection Agency},
	author = {Office of Water, {USEPA}},
	date = {1999-10},
	keywords = {{NPDES}},
	file = {Office of Water, USEPA - 1999 - Report to Congress on the Phase II Storm Water Reg.pdf:/home/bruce/.mozilla/firefox/t7591cgk.default/zotero/storage/WIUPA96F/Office of Water, USEPA - 1999 - Report to Congress on the Phase II Storm Water Reg.pdf:application/pdf}
}