	---- items that may need to be added to any new, "MyLibrary..." update ------------


NOTE: if import a "hand-made" BibTex entry into Zotero and then export it back, the name (and other things) get changed


@misc{36cfr_nara_2017,
    author = {{US CFR}},
    title = {{Records Management}},
    howpublished = {{36 Code of Federal Regulations, Parks, Forests, and Public Property, Chapter XII Subchapter B, Records Management} },
    year = {2017}
}



@techreport{ieee_qaqc_2004,
	title = {{IEEE Standard for Software Verification and Validation}, {IEEE Std 1012-2004}},
	author = {IEEE},
	institution = {The Institute of Electrical and Electronics Engineers, Inc.},
	year = {2004}
}




@techreport{usepa_qaqc_2002,
	title = {{EPA} {Requirements} for {Quality} {Assurance} {Project Plans}, {EPA QA/G-5}},
	author = {USEPA},
	institution = {US Environmental Protection Agency},
	year = {2002}
}


@misc{LANDISII_2017,
	author = {{LANDIS-II Foundation}},
	title = {The website for the {LANDIS-II} model and the {LANDIS-II Foundation}},
	year = 1999,
	url = {http://www.landis-ii.org/home},
	urldate = {2017-06-03}
}


@InCollection{sep-logical-construction,
	author       =	{Linsky, Bernard},
	title        =	{Logical Constructions},
	booktitle    =	{The Stanford Encyclopedia of Philosophy},
	editor       =	{Edward N. Zalta},
	howpublished =	{\url{https://plato.stanford.edu/archives/win2016/entries/logical-construction/}},
	year         =	{2016},
	edition      =	{Winter 2016},
	publisher    =	{Metaphysics Research Lab, Stanford University}
}


@book{zwick_elements_2014,
	edition = {Draft},
	title = {Elements and Relations},
	publisher = {Portland State University},
	author = {{Zwick, Martin}},
	year = {2014}
}


@manual{R_computing,
    title = {R: A Language and Environment for Statistical Computing},
    author = {{R Development Core Team}},
    organization = {R Foundation for Statistical Computing},
    address = {Vienna, Austria},
    year = {2008},
    note = {{ISBN} 3-900051-07-0},
    url = {http://www.R-project.org},
  }



@techreport{eawag_cup_2015,
    title = {SWAT‐CUP: SWAT Calibration and Uncertainty Programs ‐ A User Manual},
    author = {EAWAG},
    institution = {Swiss Federal Institute of Aquatic Science and Technology},
    year = {2015},
    url = {http://swat.tamu.edu/software/swat-cup/}
}


@manual{swat_cup_2015,
    title = {SWAT‐CUP: SWAT Calibration and Uncertainty Programs ‐ A User Manual},
    author = {{EAWAG}},
    organization = {Swiss Federal Institute of Aquatic Science and Technology},
    address = {Switzerland},
    year = {2015},
    url = {http://swat.tamu.edu/software/swat-cup/}
}





@misc{arcswat_2016,
	author = {{TAMU}},
	publisher = {Texas A\&M University},
	url = {http://swat.tamu.edu/software/arcswat/},
	abstract = {ArcSWAT is an ArcGIS-ArcView extension and graphical user input interface for SWAT.},
	year = {2016},
	urldate = {2016-06-02}
}



@manual{r_computing_2008,
    title = {R: A Language and Environment for Statistical Computing},
    author = {{R Development Core Team}},
    organization = {R Foundation for Statistical Computing},
    address = {Vienna, Austria},
    year = {2008},
    note = {{ISBN} 3-900051-07-0},
    url = {http://www.R-project.org}
}


@techreport{usfs_pacific_northwest_region_watershed_1995,
	title = {Watershed {Analysis}: {Upper} {Clackamas} {Watershed}},
	author = {{USFS, Pacific Northwest Region}},
	year = {1995}
}


@techreport{oweb_ecos_1999,
	title = {Appendix A: Ecoregion Descriptions; Oregon Watershed Assessment Manual},
	author = {OWEB},
	institution = {Oregon Watershed Enhancement Board},
	year = {1999}
}

@misc{wildscenic_clackamas_2015,
	title = {Clackamas {River}, {Oregon}},
	url = {http://www.rivers.gov/rivers/clackamas.php},
	urldate = {2015-11-20},
	year = {2015}
}


@misc{wiki_clackamas_2015,
	title = {Clackamas {River}},
	copyright = {Creative Commons Attribution-ShareAlike License},
	url = {https://en.wikipedia.org/w/index.php?title=Clackamas_River&oldid=689093384},
	urldate = {2015-11-20},
	journal = {Wikipedia, the free encyclopedia},
	year = {2015},
	note = {Page Version ID: 689093384}
}



@techreport{metro_site_2014,
	title = {Site {Conservation} {Plan}: {River} {Island} {Natural} {Area}},
	institution = {Metro},
	author = {{Metro}},
	year = {2014}
}


@techreport{usgs_algal_2003,
	title = {Water-Quality and Algal Conditions in the Clackamas River Basin, Oregon, and their Relations to Land and Water Management},
	author = {USGS},
	institution = {US Gelogical Survey},
	year = {2003},
	number = {02–4189}
}



@techreport{usgs_testing_2009,
	title = {Fact Sheet: Organic Compounds in Clackamas River Water Used for Public Supply near Portland, Oregon, 2003–05},
	author = {USGS},
	institution = {US Gelogical Survey},
	year = {2009}
	url = {http://pubs.usgs.gov/fs/2009/3030/},
	urldate = {2015-11-20},
	number = {2009–3030}
}


@techreport{wbcsd_2011,
	title		= {Guide to Corporate Ecosystem Valuation},
	author		= {WBCSD},
	institution	= {World Business Council for Sustainable Development, Geneva, Switzerland},
	year		= {2011}
}


@techreport{ervin_draft_2014,
	title		= {DRAFT: Toward a Comprehensive Assessment of Ecosystem Service Values},
	author		= {Ervin and Vickerman and Ngawhika and Beaudoin and Hamlin and Manson and Schoenen and Casey},
	institution	= {Portland State University},
	year		= {2011}
}


@techreport{epa_sab_2009,
	title		= {Valuing the Protection of Ecological Systems and Services},
	number		= {EPA-SAB-09-012},
	author		= {USEPA},
	institution	= {U.S. Environmental Protection Agency, Washington, D.C.},
	year		= {2009}
}




@techreport{usfs_mthood1_2010,
	title		= {Mt. Hood National Forest Annual Monitoring Report, Fiscal Year 2010},
	author		= {USFS},
	institution	= {U.S. Forest Service, Pacific Northwest Region},
	year		= {2010}
}

@techreport{usfs_mthood2_2006,
	title		= {Mt. Hood National Forest Strategic Stewardship Plan},
	author		= {USFS},
	institution	= {U.S. Forest Service, Pacific Northwest Region},
	year		= {2006}
}