
@book{nielsen_neural_2015,
	title = {Neural {Networks} and {Deep} {Learning}},
	url = {http://neuralnetworksanddeeplearning.com},
	urldate = {2016-02-01},
	author = {Nielsen, Michael A.},
	year = {2015},
	file = {Snapshot:/home/bmarron/.mozilla/firefox/9qoxcl4p.default/zotero/storage/9EGFTBGB/chap1.html:text/html}
}

@book{ashby_introduction_1955,
	title = {An introduction to cybernetics},
	publisher = {Taylor \& Francis},
	author = {Ashby, William Ross},
	year = {1955}
}


@book{mackay_information_2003,
	address = {Cambridge, UK ; New York},
	title = {Information theory, inference, and learning algorithms},
	isbn = {0-521-64298-1},
	publisher = {Cambridge University Press},
	author = {MacKay, David J. C.},
	year = {2003},
	keywords = {Information theory}
}