

@article{ceballos_accelerated_2015,
	title = {Accelerated modern human–induced species losses: {Entering} the sixth mass extinction},
	volume = {1},
	shorttitle = {Accelerated modern human–induced species losses},
	number = {5},
	urldate = {2015-10-04},
	journal = {Science Advances},
	author = {Ceballos, Gerardo and Ehrlich, Paul R. and Barnosky, Anthony D. and García, Andrés and Pringle, Robert M. and Palmer, Todd M.},
	year = {2015},
	pages = {e1400253}
}


@article{marcot_guidelines_2006,
	title = {Guidelines for developing and updating {Bayesian} belief networks applied to ecological modeling and conservation},
	volume = {36},
	url = {http://www.nrcresearchpress.com.proxy.lib.pdx.edu/doi/abs/10.1139/x06-135},
	number = {12},
	urldate = {2016-01-11},
	journal = {Canadian Journal of Forest Research},
	author = {Marcot, Bruce G. and Steventon, J. Douglas and Sutherland, Glenn D. and McCann, Robert K.},
	year = {2006},
	pages = {3063--3074}
}

@article{haines-young_common_2011,
	title = {Common international classification of ecosystem services ({CICES}): 2011 {Update}},
	shorttitle = {Common international classification of ecosystem services ({CICES})},
	url = {http://test.matth.eu/content/uploads/sites/8/2009/11/CICES_Update_Nov2011.pdf},
	urldate = {2016-01-11},
	journal = {Nottingham: Report to the European Environmental Agency},
	author = {Haines-Young, Roy and Potschin, Marion},
	year = {2011}
}

@article{mccloskey_using_2011,
	title = {Using {Bayesian} belief networks to identify potential compatibilities and conflicts between development and landscape conservation},
	volume = {101},
	url = {http://www.sciencedirect.com.proxy.lib.pdx.edu/science/article/pii/S0169204611000697},
	number = {2},
	urldate = {2016-01-11},
	journal = {Landscape and Urban Planning},
	author = {McCloskey, Jon T. and Lilieholm, Robert J. and Cronan, Christopher},
	year = {2011},
	pages = {190--203}
}

@article{stelzenmuller_assessment_2010,
	title = {Assessment of a {Bayesian} {Belief} {Network}–{GIS} framework as a practical tool to support marine planning},
	volume = {60},
	url = {http://www.sciencedirect.com.proxy.lib.pdx.edu/science/article/pii/S0025326X10002675},
	number = {10},
	urldate = {2016-01-11},
	journal = {Marine Pollution Bulletin},
	author = {Stelzenmüller, V. and Lee, J. and Garnacho, E. and Rogers, S. I.},
	year = {2010},
	pages = {1743--1754}
}

@article{schlapfer_contingent_2008,
	title = {Contingent valuation: a new perspective},
	volume = {64},
	shorttitle = {Contingent valuation},
	url = {http://www.sciencedirect.com.proxy.lib.pdx.edu/science/article/pii/S0921800907005113},
	number = {4},
	urldate = {2016-01-11},
	journal = {Ecological Economics},
	author = {Schläpfer, Felix},
	year = {2008},
	pages = {729--740}
}

@article{chan_rethinking_2012,
	title = {Rethinking ecosystem services to better address and navigate cultural values},
	volume = {74},
	url = {http://www.sciencedirect.com.proxy.lib.pdx.edu/science/article/pii/S0921800911004927},
	urldate = {2016-01-25},
	journal = {Ecological economics},
	author = {Chan, Kai MA and Satterfield, Terre and Goldstein, Joshua},
	year = {2012},
	pages = {8--18},
	file = {[PDF] from ubc.ca:/home/bmarron/.mozilla/firefox/hjquy4rf.default/zotero/storage/D9FW86GC/Chan et al. - 2012 - Rethinking ecosystem services to better address an.pdf:application/pdf;Snapshot:/home/bmarron/.mozilla/firefox/hjquy4rf.default/zotero/storage/SJCFSHP3/S0921800911004927.html:text/html}
}

@article{brown_socialecological_2008,
	title = {Social–ecological hotspots mapping: a spatial approach for identifying coupled social–ecological space},
	volume = {85},
	shorttitle = {Social–ecological hotspots mapping},
	url = {http://www.sciencedirect.com.proxy.lib.pdx.edu/science/article/pii/S0169204607002216},
	number = {1},
	urldate = {2016-01-25},
	journal = {Landscape and urban planning},
	author = {Brown, Gregory and {others}},
	year = {2008},
	pages = {27--39},
	file = {Snapshot:/home/bmarron/.mozilla/firefox/hjquy4rf.default/zotero/storage/K2QUNTM3/S0169204607002216.html:text/html}
}

@article{daniel_contributions_2012,
	title = {Contributions of cultural services to the ecosystem services agenda},
	volume = {109},
	url = {http://www.pnas.org.proxy.lib.pdx.edu/content/109/23/8812.short},
	number = {23},
	urldate = {2016-01-25},
	journal = {Proceedings of the National Academy of Sciences},
	author = {Daniel, Terry C. and Muhar, Andreas and Arnberger, Arne and Aznar, Olivier and Boyd, James W. and Chan, Kai MA and Costanza, Robert and Elmqvist, Thomas and Flint, Courtney G. and Gobster, Paul H. and {others}},
	year = {2012},
	pages = {8812--8819},
	file = {[HTML] from pnas.org:/home/bmarron/.mozilla/firefox/hjquy4rf.default/zotero/storage/3JFG6J6T/8812.html:text/html;Snapshot:/home/bmarron/.mozilla/firefox/hjquy4rf.default/zotero/storage/EBHESA5W/8812.html:text/html}
}

@article{fagerholm_community_2012,
	title = {Community stakeholders’ knowledge in landscape assessments–{Mapping} indicators for landscape services},
	volume = {18},
	url = {http://www.sciencedirect.com.proxy.lib.pdx.edu/science/article/pii/S1470160X11004067},
	urldate = {2016-01-25},
	journal = {Ecological Indicators},
	author = {Fagerholm, Nora and Käyhkö, Niina and Ndumbaro, Festo and Khamis, Miza},
	year = {2012},
	pages = {421--433},
	file = {[PDF] from landscapemap2.org:/home/bmarron/.mozilla/firefox/hjquy4rf.default/zotero/storage/K7X8VMKJ/Fagerholm et al. - 2012 - Community stakeholders’ knowledge in landscape ass.pdf:application/pdf;Snapshot:/home/bmarron/.mozilla/firefox/hjquy4rf.default/zotero/storage/MZJHZMN4/S1470160X11004067.html:text/html}
}

@article{klain_navigating_2012,
	title = {Navigating coastal values: participatory mapping of ecosystem services for spatial planning},
	volume = {82},
	shorttitle = {Navigating coastal values},
	url = {http://www.sciencedirect.com.proxy.lib.pdx.edu/science/article/pii/S0921800912002728},
	urldate = {2016-01-25},
	journal = {Ecological economics},
	author = {Klain, Sarah C. and Chan, Kai MA},
	year = {2012},
	pages = {104--113},
	file = {[PDF] from ubc.ca:/home/bmarron/.mozilla/firefox/hjquy4rf.default/zotero/storage/AM2FWZ4M/Klain and Chan - 2012 - Navigating coastal values participatory mapping o.pdf:application/pdf;Snapshot:/home/bmarron/.mozilla/firefox/hjquy4rf.default/zotero/storage/KICW28UZ/S0921800912002728.html:text/html}
}

@article{sherrouse_gis_2011,
	title = {A {GIS} application for assessing, mapping, and quantifying the social values of ecosystem services},
	volume = {31},
	url = {http://www.sciencedirect.com.proxy.lib.pdx.edu/science/article/pii/S0143622810000858},
	number = {2},
	urldate = {2016-01-25},
	journal = {Applied Geography},
	author = {Sherrouse, Benson C. and Clement, Jessica M. and Semmens, Darius J.},
	year = {2011},
	pages = {748--760},
	file = {[PDF] from researchgate.net:/home/bmarron/.mozilla/firefox/hjquy4rf.default/zotero/storage/37GS7BV5/Sherrouse et al. - 2011 - A GIS application for assessing, mapping, and quan.pdf:application/pdf;Snapshot:/home/bmarron/.mozilla/firefox/hjquy4rf.default/zotero/storage/5AEF6TZ5/S0143622810000858.html:text/html}
}

@article{tengberg_cultural_2012,
	title = {Cultural ecosystem services provided by landscapes: assessment of heritage values and identity},
	volume = {2},
	shorttitle = {Cultural ecosystem services provided by landscapes},
	url = {http://www.sciencedirect.com.proxy.lib.pdx.edu/science/article/pii/S2212041612000113},
	urldate = {2016-01-25},
	journal = {Ecosystem Services},
	author = {Tengberg, Anna and Fredholm, Susanne and Eliasson, Ingegard and Knez, Igor and Saltzman, Katarina and Wetterberg, Ola},
	year = {2012},
	pages = {14--26},
	file = {[PDF] from researchgate.net:/home/bmarron/.mozilla/firefox/hjquy4rf.default/zotero/storage/9XER9U72/Tengberg et al. - 2012 - Cultural ecosystem services provided by landscapes.pdf:application/pdf;Snapshot:/home/bmarron/.mozilla/firefox/hjquy4rf.default/zotero/storage/3I38JRMC/S2212041612000113.html:text/html}
}

@article{dodds_human_2013,
	title = {Human impact on freshwater ecosystem services: a global perspective},
	volume = {47},
	shorttitle = {Human impact on freshwater ecosystem services},
	number = {16},
	journal = {Environmental science \& technology},
	author = {Dodds, Walter K. and Perkin, Joshuah S. and Gerken, Joseph E.},
	year = {2013},
	pages = {9061--9068}	
}

@article{uuemaa_trends_2013,
	title = {Trends in the use of landscape spatial metrics as landscape indicators: a review},
	volume = {28},
	shorttitle = {Trends in the use of landscape spatial metrics as landscape indicators},
	journal = {Ecological Indicators},
	author = {Uuemaa, Evelyn and Mander, Ülo and Marja, Riho},
	year = {2013},
	pages = {100--106}
}

@article{su_characterizing_2012,
	title = {Characterizing landscape pattern and ecosystem service value changes for urbanization impacts at an eco-regional scale},
	volume = {34},
	journal = {Applied Geography},
	author = {Su, Shiliang and Xiao, Rui and Jiang, Zhenlan and Zhang, Yuan},
	year = {2012},
	pages = {295--305}	
}

@article{ozawa_performance_2007,
	title = {Performance of management strategies in the protection of riparian vegetation in three {Oregon} cities},
	volume = {50},
	number = {6},
	journal = {Journal of Environmental Planning and Management},
	author = {Ozawa, Connie P. and Yeakley, Alan J.},
	year = {2007},
	pages = {803--822}
	
}

@article{keeler_linking_2012,
	title = {Linking water quality and well-being for improved assessment and valuation of ecosystem services},
	volume = {109},
	number = {45},
	journal = {Proceedings of the National Academy of Sciences},
	author = {Keeler, Bonnie L. and Polasky, Stephen and Brauman, Kate A. and Johnson, Kris A. and Finlay, Jacques C. and O’Neill, Ann and Kovacs, Kent and Dalzell, Brent},
	year = {2012},
	pages = {18619--18624}	
}

@book{yeakley_wild_2014,
	title = {Wild salmonids in the urbanizing {Pacific} {Northwest}},
	publisher = {Springer},
	author = {Yeakley, J. Alan and Maas-Hebner, Kathleen G. and Hughes, Robert M.},
	year = {2014},
	file = {Snapshot:/home/bmarron/.mozilla/firefox/hjquy4rf.default/zotero/storage/7SWU95M7/978-1-4614-8818-7.html:text/html}
}