
@article{marcot_guidelines_2006,
	title = {Guidelines for developing and updating {Bayesian} belief networks applied to ecological modeling and conservation},
	volume = {36},
	url = {http://www.nrcresearchpress.com.proxy.lib.pdx.edu/doi/abs/10.1139/x06-135},
	number = {12},
	urldate = {2016-01-11},
	journal = {Canadian Journal of Forest Research},
	author = {Marcot, Bruce G. and Steventon, J. Douglas and Sutherland, Glenn D. and McCann, Robert K.},
	year = {2006},
	pages = {3063--3074}
}

@article{haines-young_common_2011,
	title = {Common international classification of ecosystem services ({CICES}): 2011 {Update}},
	shorttitle = {Common international classification of ecosystem services ({CICES})},
	url = {http://test.matth.eu/content/uploads/sites/8/2009/11/CICES_Update_Nov2011.pdf},
	urldate = {2016-01-11},
	journal = {Nottingham: Report to the European Environmental Agency},
	author = {Haines-Young, Roy and Potschin, Marion},
	year = {2011}
}

@article{mccloskey_using_2011,
	title = {Using {Bayesian} belief networks to identify potential compatibilities and conflicts between development and landscape conservation},
	volume = {101},
	url = {http://www.sciencedirect.com.proxy.lib.pdx.edu/science/article/pii/S0169204611000697},
	number = {2},
	urldate = {2016-01-11},
	journal = {Landscape and Urban Planning},
	author = {McCloskey, Jon T. and Lilieholm, Robert J. and Cronan, Christopher},
	year = {2011},
	pages = {190--203}
}

@article{stelzenmuller_assessment_2010,
	title = {Assessment of a {Bayesian} {Belief} {Network}–{GIS} framework as a practical tool to support marine planning},
	volume = {60},
	url = {http://www.sciencedirect.com.proxy.lib.pdx.edu/science/article/pii/S0025326X10002675},
	number = {10},
	urldate = {2016-01-11},
	journal = {Marine Pollution Bulletin},
	author = {Stelzenmüller, V. and Lee, J. and Garnacho, E. and Rogers, S. I.},
	year = {2010},
	pages = {1743--1754}
}

@article{schlapfer_contingent_2008,
	title = {Contingent valuation: a new perspective},
	volume = {64},
	shorttitle = {Contingent valuation},
	url = {http://www.sciencedirect.com.proxy.lib.pdx.edu/science/article/pii/S0921800907005113},
	number = {4},
	urldate = {2016-01-11},
	journal = {Ecological Economics},
	author = {Schläpfer, Felix},
	year = {2008},
	pages = {729--740}
}

@article{chan_rethinking_2012,
	title = {Rethinking ecosystem services to better address and navigate cultural values},
	volume = {74},
	url = {http://www.sciencedirect.com.proxy.lib.pdx.edu/science/article/pii/S0921800911004927},
	urldate = {2016-01-25},
	journal = {Ecological economics},
	author = {Chan, Kai MA and Satterfield, Terre and Goldstein, Joshua},
	year = {2012},
	pages = {8--18},
	file = {[PDF] from ubc.ca:/home/bmarron/.mozilla/firefox/hjquy4rf.default/zotero/storage/D9FW86GC/Chan et al. - 2012 - Rethinking ecosystem services to better address an.pdf:application/pdf;Snapshot:/home/bmarron/.mozilla/firefox/hjquy4rf.default/zotero/storage/SJCFSHP3/S0921800911004927.html:text/html}
}

@article{brown_socialecological_2008,
	title = {Social–ecological hotspots mapping: a spatial approach for identifying coupled social–ecological space},
	volume = {85},
	shorttitle = {Social–ecological hotspots mapping},
	url = {http://www.sciencedirect.com.proxy.lib.pdx.edu/science/article/pii/S0169204607002216},
	number = {1},
	urldate = {2016-01-25},
	journal = {Landscape and urban planning},
	author = {Brown, Gregory and {others}},
	year = {2008},
	pages = {27--39},
	file = {Snapshot:/home/bmarron/.mozilla/firefox/hjquy4rf.default/zotero/storage/K2QUNTM3/S0169204607002216.html:text/html}
}

@article{daniel_contributions_2012,
	title = {Contributions of cultural services to the ecosystem services agenda},
	volume = {109},
	url = {http://www.pnas.org.proxy.lib.pdx.edu/content/109/23/8812.short},
	number = {23},
	urldate = {2016-01-25},
	journal = {Proceedings of the National Academy of Sciences},
	author = {Daniel, Terry C. and Muhar, Andreas and Arnberger, Arne and Aznar, Olivier and Boyd, James W. and Chan, Kai MA and Costanza, Robert and Elmqvist, Thomas and Flint, Courtney G. and Gobster, Paul H. and {others}},
	year = {2012},
	pages = {8812--8819},
	file = {[HTML] from pnas.org:/home/bmarron/.mozilla/firefox/hjquy4rf.default/zotero/storage/3JFG6J6T/8812.html:text/html;Snapshot:/home/bmarron/.mozilla/firefox/hjquy4rf.default/zotero/storage/EBHESA5W/8812.html:text/html}
}

@article{fagerholm_community_2012,
	title = {Community stakeholders’ knowledge in landscape assessments–{Mapping} indicators for landscape services},
	volume = {18},
	url = {http://www.sciencedirect.com.proxy.lib.pdx.edu/science/article/pii/S1470160X11004067},
	urldate = {2016-01-25},
	journal = {Ecological Indicators},
	author = {Fagerholm, Nora and Käyhkö, Niina and Ndumbaro, Festo and Khamis, Miza},
	year = {2012},
	pages = {421--433},
	file = {[PDF] from landscapemap2.org:/home/bmarron/.mozilla/firefox/hjquy4rf.default/zotero/storage/K7X8VMKJ/Fagerholm et al. - 2012 - Community stakeholders’ knowledge in landscape ass.pdf:application/pdf;Snapshot:/home/bmarron/.mozilla/firefox/hjquy4rf.default/zotero/storage/MZJHZMN4/S1470160X11004067.html:text/html}
}

@article{klain_navigating_2012,
	title = {Navigating coastal values: participatory mapping of ecosystem services for spatial planning},
	volume = {82},
	shorttitle = {Navigating coastal values},
	url = {http://www.sciencedirect.com.proxy.lib.pdx.edu/science/article/pii/S0921800912002728},
	urldate = {2016-01-25},
	journal = {Ecological economics},
	author = {Klain, Sarah C. and Chan, Kai MA},
	year = {2012},
	pages = {104--113},
	file = {[PDF] from ubc.ca:/home/bmarron/.mozilla/firefox/hjquy4rf.default/zotero/storage/AM2FWZ4M/Klain and Chan - 2012 - Navigating coastal values participatory mapping o.pdf:application/pdf;Snapshot:/home/bmarron/.mozilla/firefox/hjquy4rf.default/zotero/storage/KICW28UZ/S0921800912002728.html:text/html}
}

@article{sherrouse_gis_2011,
	title = {A {GIS} application for assessing, mapping, and quantifying the social values of ecosystem services},
	volume = {31},
	url = {http://www.sciencedirect.com.proxy.lib.pdx.edu/science/article/pii/S0143622810000858},
	number = {2},
	urldate = {2016-01-25},
	journal = {Applied Geography},
	author = {Sherrouse, Benson C. and Clement, Jessica M. and Semmens, Darius J.},
	year = {2011},
	pages = {748--760},
	file = {[PDF] from researchgate.net:/home/bmarron/.mozilla/firefox/hjquy4rf.default/zotero/storage/37GS7BV5/Sherrouse et al. - 2011 - A GIS application for assessing, mapping, and quan.pdf:application/pdf;Snapshot:/home/bmarron/.mozilla/firefox/hjquy4rf.default/zotero/storage/5AEF6TZ5/S0143622810000858.html:text/html}
}

@article{tengberg_cultural_2012,
	title = {Cultural ecosystem services provided by landscapes: assessment of heritage values and identity},
	volume = {2},
	shorttitle = {Cultural ecosystem services provided by landscapes},
	url = {http://www.sciencedirect.com.proxy.lib.pdx.edu/science/article/pii/S2212041612000113},
	urldate = {2016-01-25},
	journal = {Ecosystem Services},
	author = {Tengberg, Anna and Fredholm, Susanne and Eliasson, Ingegard and Knez, Igor and Saltzman, Katarina and Wetterberg, Ola},
	year = {2012},
	pages = {14--26},
	file = {[PDF] from researchgate.net:/home/bmarron/.mozilla/firefox/hjquy4rf.default/zotero/storage/9XER9U72/Tengberg et al. - 2012 - Cultural ecosystem services provided by landscapes.pdf:application/pdf;Snapshot:/home/bmarron/.mozilla/firefox/hjquy4rf.default/zotero/storage/3I38JRMC/S2212041612000113.html:text/html}
}

@article{dodds_human_2013,
	title = {Human impact on freshwater ecosystem services: a global perspective},
	volume = {47},
	shorttitle = {Human impact on freshwater ecosystem services},
	url = {http://pubs.acs.org.proxy.lib.pdx.edu/doi/abs/10.1021/es4021052},
	number = {16},
	urldate = {2016-02-09},
	journal = {Environmental science \& technology},
	author = {Dodds, Walter K. and Perkin, Joshuah S. and Gerken, Joseph E.},
	year = {2013},
	pages = {9061--9068},
	file = {[PDF] from tntech.edu:/home/bmarron/.mozilla/firefox/hjquy4rf.default/zotero/storage/KMBQ46JV/Dodds et al. - 2013 - Human impact on freshwater ecosystem services a g.pdf:application/pdf;Snapshot:/home/bmarron/.mozilla/firefox/hjquy4rf.default/zotero/storage/ZP4P5JPW/es4021052.html:text/html}
}

@article{uuemaa_trends_2013,
	title = {Trends in the use of landscape spatial metrics as landscape indicators: a review},
	volume = {28},
	shorttitle = {Trends in the use of landscape spatial metrics as landscape indicators},
	url = {http://www.sciencedirect.com.proxy.lib.pdx.edu/science/article/pii/S1470160X1200283X},
	urldate = {2016-02-09},
	journal = {Ecological Indicators},
	author = {Uuemaa, Evelyn and Mander, Ülo and Marja, Riho},
	year = {2013},
	pages = {100--106},
	file = {[PDF] from researchgate.net:/home/bmarron/.mozilla/firefox/hjquy4rf.default/zotero/storage/HXCXBDJQ/Uuemaa et al. - 2013 - Trends in the use of landscape spatial metrics as .pdf:application/pdf;Snapshot:/home/bmarron/.mozilla/firefox/hjquy4rf.default/zotero/storage/57GHV4NV/S1470160X1200283X.html:text/html}
}

@article{su_characterizing_2012,
	title = {Characterizing landscape pattern and ecosystem service value changes for urbanization impacts at an eco-regional scale},
	volume = {34},
	url = {http://www.sciencedirect.com.proxy.lib.pdx.edu/science/article/pii/S0143622811002372},
	urldate = {2016-02-09},
	journal = {Applied Geography},
	author = {Su, Shiliang and Xiao, Rui and Jiang, Zhenlan and Zhang, Yuan},
	year = {2012},
	pages = {295--305},
	file = {[PDF] from researchgate.net:/home/bmarron/.mozilla/firefox/hjquy4rf.default/zotero/storage/27VHEM8B/Su et al. - 2012 - Characterizing landscape pattern and ecosystem ser.pdf:application/pdf;Snapshot:/home/bmarron/.mozilla/firefox/hjquy4rf.default/zotero/storage/DGTA4TFQ/S0143622811002372.html:text/html}
}

@article{ozawa_performance_2007,
	title = {Performance of management strategies in the protection of riparian vegetation in three {Oregon} cities},
	volume = {50},
	url = {http://www-tandfonline-com.proxy.lib.pdx.edu/doi/abs/10.1080/09640560701610552},
	number = {6},
	urldate = {2016-02-09},
	journal = {Journal of Environmental Planning and Management},
	author = {Ozawa, Connie P. and Alan Yeakley, J.},
	year = {2007},
	pages = {803--822},
	file = {[HTML] from tandfonline.com:/home/bmarron/.mozilla/firefox/hjquy4rf.default/zotero/storage/UJIBQE6T/09640560701610552.html:text/html;Snapshot:/home/bmarron/.mozilla/firefox/hjquy4rf.default/zotero/storage/QR2Q5SAP/09640560701610552.html:text/html}
}

@article{keeler_linking_2012,
	title = {Linking water quality and well-being for improved assessment and valuation of ecosystem services},
	volume = {109},
	url = {http://www.pnas.org.proxy.lib.pdx.edu/content/109/45/18619.short},
	number = {45},
	urldate = {2016-02-09},
	journal = {Proceedings of the National Academy of Sciences},
	author = {Keeler, Bonnie L. and Polasky, Stephen and Brauman, Kate A. and Johnson, Kris A. and Finlay, Jacques C. and O’Neill, Ann and Kovacs, Kent and Dalzell, Brent},
	year = {2012},
	pages = {18619--18624},
	file = {[HTML] from pnas.org:/home/bmarron/.mozilla/firefox/hjquy4rf.default/zotero/storage/2PPB5Q5R/18619.html:text/html;Snapshot:/home/bmarron/.mozilla/firefox/hjquy4rf.default/zotero/storage/DMPF5I2Z/18619.html:text/html}
}

@book{yeakley_wild_2014,
	title = {Wild salmonids in the urbanizing {Pacific} {Northwest}},
	url = {http://link.springer.com.proxy.lib.pdx.edu/content/pdf/10.1007/978-1-4614-8818-7.pdf},
	urldate = {2016-02-09},
	publisher = {Springer},
	author = {Yeakley, J. Alan and Maas-Hebner, Kathleen G. and Hughes, Robert M.},
	year = {2014},
	file = {Snapshot:/home/bmarron/.mozilla/firefox/hjquy4rf.default/zotero/storage/7SWU95M7/978-1-4614-8818-7.html:text/html}
}

@misc{__????
}

@article{mcgarigal_k._sa_cushman_and_e_ene._fragstats_2012,
	title = {{FRAGSTATS} v4: {Spatial} {Pattern} {Analysis} {Program} for {Categorical} and {Continuous} {Maps}.},
	url = {http://www.umass.edu/landeco/research/fragstats/fragstats.html},
	abstract = {Computer software program},
	journal = {University of Massachusetts, Amherst.},
	author = {{McGarigal, K., SA Cushman, and E Ene.}},
	year = {2012}
}

@article{kozak_geography_2011,
	title = {The geography of ecosystem service value: {The} case of the {Des} {Plaines} and {Cache} {River} wetlands, {Illinois}},
	volume = {31},
	shorttitle = {The geography of ecosystem service value},
	url = {http://www.sciencedirect.com.proxy.lib.pdx.edu/science/article/pii/S0143622810000755},
	number = {1},
	urldate = {2016-02-18},
	journal = {Applied Geography},
	author = {Kozak, Justin and Lant, Christopher and Shaikh, Sabina and Wang, Guangxing},
	year = {2011},
	pages = {303--311},
	file = {[PDF] from colmex.mx:/home/bmarron/.mozilla/firefox/hjquy4rf.default/zotero/storage/NR2PRJ37/Kozak et al. - 2011 - The geography of ecosystem service value The case.pdf:application/pdf;Snapshot:/home/bmarron/.mozilla/firefox/hjquy4rf.default/zotero/storage/CIAK6HQC/S0143622810000755.html:text/html}
}

@article{mcgill_matters_2010,
	title = {Matters of scale},
	volume = {328},
	url = {http://www.montana.edu/hansen/documents/labreadings2011/McGill%202010.pdf},
	number = {5978},
	urldate = {2016-02-23},
	journal = {Science},
	author = {McGill, Brian J. and {others}},
	year = {2010},
	pages = {575--576},
	file = {[PDF] from montana.edu:/home/bmarron/.mozilla/firefox/hjquy4rf.default/zotero/storage/282TWXRC/McGill and others - 2010 - Matters of scale.pdf:application/pdf}
}

@article{cumming_scale_2006,
	title = {Scale mismatches in social-ecological systems: causes, consequences, and solutions},
	volume = {11},
	shorttitle = {Scale mismatches in social-ecological systems},
	url = {https://www.researchgate.net/profile/Graeme_Cumming/publication/237324867_Insight_part_of_a_Special_Feature_on_Exploring_Resilience_in_Social-Ecological_Systems_Scale_Mismatches_in_Social-Ecological_Systems_Causes_Consequences_and_Solutions/links/00b49525f00aec4edf000000.pdf},
	number = {1},
	urldate = {2016-02-23},
	journal = {Ecology and society},
	author = {Cumming, Graeme S. and Cumming, David HM and Redman, Charles L. and {others}},
	year = {2006},
	pages = {14},
	file = {[PDF] from researchgate.net:/home/bmarron/.mozilla/firefox/hjquy4rf.default/zotero/storage/TF4EIUNN/Cumming et al. - 2006 - Scale mismatches in social-ecological systems cau.pdf:application/pdf}
}

@article{martinez-harms_methods_2012,
	title = {Methods for mapping ecosystem service supply: a review},
	volume = {8},
	shorttitle = {Methods for mapping ecosystem service supply},
	url = {http://www-tandfonline-com.proxy.lib.pdx.edu/doi/abs/10.1080/21513732.2012.663792},
	number = {1-2},
	urldate = {2016-02-23},
	journal = {International Journal of Biodiversity Science, Ecosystem Services \& Management},
	author = {Martínez-Harms, María José and Balvanera, Patricia},
	year = {2012},
	pages = {17--25},
	file = {Snapshot:/home/bmarron/.mozilla/firefox/hjquy4rf.default/zotero/storage/BGJKNS5U/21513732.2012.html:text/html}
}

@article{kozak_geography_2011-1,
	title = {The geography of ecosystem service value: {The} case of the {Des} {Plaines} and {Cache} {River} wetlands, {Illinois}},
	volume = {31},
	shorttitle = {The geography of ecosystem service value},
	url = {http://www.sciencedirect.com.proxy.lib.pdx.edu/science/article/pii/S0143622810000755},
	number = {1},
	urldate = {2016-02-23},
	journal = {Applied Geography},
	author = {Kozak, Justin and Lant, Christopher and Shaikh, Sabina and Wang, Guangxing},
	year = {2011},
	pages = {303--311},
	file = {[PDF] from colmex.mx:/home/bmarron/.mozilla/firefox/hjquy4rf.default/zotero/storage/JABUIPK9/Kozak et al. - 2011 - The geography of ecosystem service value The case.pdf:application/pdf;Snapshot:/home/bmarron/.mozilla/firefox/hjquy4rf.default/zotero/storage/EUEERAUF/S0143622810000755.html:text/html}
}

@article{holland_spatial_2011,
	title = {Spatial covariation between freshwater and terrestrial ecosystem services},
	volume = {21},
	url = {http://onlinelibrary.wiley.com.proxy.lib.pdx.edu/doi/10.1890/09-2195.1/full},
	number = {6},
	urldate = {2016-02-23},
	journal = {Ecological Applications},
	author = {Holland, Robert A. and Eigenbrod, Felix and Armsworth, Paul R. and Anderson, Barbara J. and Thomas, Chris D. and Heinemeyer, Andreas and Gillings, Simon and Roy, David B. and Gaston, Kevin J.},
	year = {2011},
	pages = {2034--2048},
	file = {Snapshot:/home/bmarron/.mozilla/firefox/hjquy4rf.default/zotero/storage/P8WK227P/full.html:text/html}
}

@article{bennett_understanding_2009,
	title = {Understanding relationships among multiple ecosystem services},
	volume = {12},
	url = {http://onlinelibrary.wiley.com.proxy.lib.pdx.edu/doi/10.1111/j.1461-0248.2009.01387.x/full},
	number = {12},
	urldate = {2016-02-23},
	journal = {Ecology letters},
	author = {Bennett, Elena M. and Peterson, Garry D. and Gordon, Line J.},
	year = {2009},
	pages = {1394--1404},
	file = {[PDF] from uvm.edu:/home/bmarron/.mozilla/firefox/hjquy4rf.default/zotero/storage/GZKZPBTN/Bennett et al. - 2009 - Understanding relationships among multiple ecosyst.pdf:application/pdf;Snapshot:/home/bmarron/.mozilla/firefox/hjquy4rf.default/zotero/storage/UWH8PCMH/full.html:text/html}
}

@article{nelson_modeling_2009,
	title = {Modeling multiple ecosystem services, biodiversity conservation, commodity production, and tradeoffs at landscape scales},
	volume = {7},
	url = {http://www.esajournals.org.proxy.lib.pdx.edu/doi/abs/10.1890/080023},
	number = {1},
	urldate = {2016-02-23},
	journal = {Frontiers in Ecology and the Environment},
	author = {Nelson, Erik and Mendoza, Guillermo and Regetz, James and Polasky, Stephen and Tallis, Heather and Cameron, DRichard and Chan, Kai MA and Daily, Gretchen C. and Goldstein, Joshua and Kareiva, Peter M. and {others}},
	year = {2009},
	pages = {4--11},
	file = {[HTML] from esajournals.org:/home/bmarron/.mozilla/firefox/hjquy4rf.default/zotero/storage/SQ6TV85E/abstract.html:text/html}
}

@article{qiu_spatial_2013,
	title = {Spatial interactions among ecosystem services in an urbanizing agricultural watershed},
	volume = {110},
	url = {https://www-pnas-org.proxy.lib.pdx.edu/content/110/29/12149.full},
	number = {29},
	urldate = {2016-02-23},
	journal = {Proceedings of the National Academy of Sciences},
	author = {Qiu, Jiangxiao and Turner, Monica G.},
	year = {2013},
	pages = {12149--12154},
	file = {[HTML] from pnas.org:/home/bmarron/.mozilla/firefox/hjquy4rf.default/zotero/storage/KVBP6Q6H/12149.html:text/html}
}

@article{eigenbrod_impact_2011,
	title = {The impact of projected increases in urbanization on ecosystem services},
	url = {http://rspb.royalsocietypublishing.org.proxy.lib.pdx.edu/content/early/2011/03/05/rspb.2010.2754.short},
	urldate = {2016-02-23},
	journal = {Proceedings of the Royal Society of London B: Biological Sciences},
	author = {Eigenbrod, F. and Bell, V. A. and Davies, H. N. and Heinemeyer, A. and Armsworth, P. R. and Gaston, K. J.},
	year = {2011},
	pages = {rspb20102754},
	file = {[HTML] from royalsocietypublishing.org:/home/bmarron/.mozilla/firefox/hjquy4rf.default/zotero/storage/IT27IGIV/rspb.2010.2754.html:text/html}
}